@article{greenwade93,
    author  = "George D. Greenwade",
    title   = "The {C}omprehensive {T}ex {A}rchive {N}etwork ({CTAN})",
    year    = "1993",
    journal = "TUGBoat",
    volume  = "14",
    number  = "3",
    pages   = "342--351"
}

@book {EK1989,
    AUTHOR = {Erwin Kreyszing.},
     TITLE = {Introductory functional analysis with application},
 PUBLISHER = {University of Windsor},
      YEAR = {1989},
}

@book {GR2010,
    AUTHOR = {Germ\'{a}n Rojas},
     TITLE = {C\'{a}lculo en una variable (C\'{a}lculo integral)},
 PUBLISHER = {Escuela Polit\'{e}cnica Nacional},
   ADDRESS = {Quito},
      YEAR = {2010},
}

@book {TA2008,
    AUTHOR = {Tom Apostol},
     TITLE = {Calculus},
 PUBLISHER = {Editorial Revert\'{e} S.A.},
   ADDRESS = {Quito},
      YEAR = {2008},
}

@book {VK1997,
    AUTHOR = {Vilmos Komornik},
     TITLE = {Pr\'{e}cis d'analyse r\'{e}elle},
 PUBLISHER = {ellipses},
   ADDRESS = {Strasbourg},
      YEAR = {1997},
}