% Encoding: UTF-8

@book{Brezis,
	Author = {Brezis},
	Date-Added = {2016-11-22 05:27:21 +0000},
	Date-Modified = {2016-11-22 05:29:48 +0000},
	Publisher = {Springer Science+Business Media},
	Title = {Functional {A}nalysis, {S}obolev {S}paces and {P}artial {D}ifferential {E}quations},
	Year = {2010}}

@Book{Evans,
  title     = {Partial {D}ifferential {E}quations},
  publisher = {American Mathematical Society},
  year      = {2010},
  author    = {Lawrence Evans},
  month     = {mar},
  doi       = {http://dx.doi.org/10.1090/gsm/019},
}

@Book{JCR,
  title     = {Numerical {PDE}-{C}onstrained {O}ptimization},
  publisher = {Springer International Publishing},
  year      = {2015},
  author    = {C. De los Reyes, Juan},
  doi       = {http://dx.doi.org/10.1007/978-3-319-13395-9},
}

@Article{Alberty_1999,
  author    = {Jochen Alberty and Carsten Carstensen and Stefan A. Funken},
  title     = {Remarks around 50 lines of {M}atlab: short finite element implementation},
  journal   = {Numerical Algorithms},
  year      = {1999},
  volume    = {20},
  number    = {2/3},
  pages     = {117--137},
  doi       = {10.1023/A:1019155918070},
  publisher = {Springer Nature},
}

@Article{Goo_1971,
  author    = {I. J. Goo and A. Gaskins},
  title     = {The centroid method of numerical integration},
  journal   = {Numerische Mathematik},
  year      = {1971},
  volume    = {16},
  number    = {4},
  pages     = {343--359},
  month     = {jan},
  doi       = {10.1007/bf02165005},
  publisher = {Springer Nature},
}

@Book{9781441935113,
  title     = {Critical Issues in Mathematics Education},
  publisher = {Springer},
  year      = {2010},
  editor    = {Philip Clarkson and Norma Presmeg},
  isbn      = {1441935118},
  date      = {2010-10-29},
  doi       = {10.1007/978-0-387-09673-5},
  ean       = {9781441935113},
  pagetotal = {268},
  url       = {http://www.ebook.de/de/product/13627836/critical_issues_in_mathematics_education.html},
}

@Comment{jabref-meta: databaseType:bibtex;}
